@inproceedings{ruiz2018hopenet,
  title={Fine-Grained Head Pose Estimation Without Keypoints},
  author={Ruiz, Nataniel and Chong, Eunji and Rehg, James M},
  booktitle={CVPR Workshops},
  year={2018}
}

@inproceedings{yang2019fsanet,
  title={FSA-Net: Learning Fine-Grained Structure Aggregation for Head Pose Estimation From a Single Image},
  author={Yang, Taiji and Huang, Yu-Huan and Lin, Yen-Yu and Chuang, Yung-Yu},
  booktitle={CVPR},
  year={2019}
}

@article{hempel20226drepnet,
  title={6D Rotation Representation for Unconstrained Head Pose Estimation},
  author={Hempel, Thomas and Abdelrahman, Ali A and Elmadawy, Mohamed and Al-Hamadi, Ayoub},
  journal={arXiv preprint arXiv:2202.12555},
  year={2022}
}

@inproceedings{sandler2018mobilenetv2,
  title={MobileNetV2: Inverted Residuals and Linear Bottlenecks},
  author={Sandler, Mark and Howard, Andrew and Zhu, Menglong and Zhmoginov, Andrey and Chen, Liang-Chieh},
  booktitle={CVPR},
  year={2018}
}

@inproceedings{tan2019efficientnet,
  title={EfficientNet: Rethinking Model Scaling for Convolutional Neural Networks},
  author={Tan, Mingxing and Le, Quoc},
  booktitle={ICML},
  year={2019}
}

@article{dosovitskiy2021vit,
  title={An Image is Worth 16x16 Words: Transformers for Image Recognition at Scale},
  author={Dosovitskiy, Alexey and others},
  journal={ICLR},
  year={2021}
}

